<record xmlns="http://www.loc.gov/MARC21/slim" xmlns:xsi="http://www.w3.org/2001/XMLSchema-instance" xsi:schemaLocation="http://www.loc.gov/MARC21/slim http://www.loc.gov/standards/marcxml/schema/MARC21slim.xsd"><leader>     nam a22        4500</leader><controlfield tag="001">3270420</controlfield><controlfield tag="003">NNC</controlfield><controlfield tag="006">m        d        </controlfield><controlfield tag="007">cr cn |||m|||a</controlfield><controlfield tag="008">150601s1902    xx      o     000 0 arard</controlfield><datafield ind1=" " ind2=" " tag="040"><subfield code="a">NNU</subfield><subfield code="b">eng</subfield><subfield code="e">rda</subfield><subfield code="c">NNU</subfield></datafield><datafield ind1="0" ind2=" " tag="100"><subfield code="6">880-01</subfield><subfield code="a">Ma&#772;lik ibn Anas,</subfield><subfield code="d">-795.</subfield></datafield><datafield ind1="1" ind2="0" tag="240"><subfield code="6">880-02</subfield><subfield code="a">Muwat&#803;t&#803;a&#700;</subfield></datafield><datafield ind1="1" ind2="0" tag="245"><subfield code="6">880-03</subfield><subfield code="a">Ha&#772;dha&#772; Muwat&#803;t&#803;a&#700; ima&#772;m al-a&#700;immah Ima&#772;m Da&#772;r al-Hijrah wa-al- &#699;a&#772;lim bi-al-sunnah al-Ima&#772;m Ma&#772;lik ibn Anas ibn Ma&#772;lik ibn Abi&#772; &#699;A&#772;mir /</subfield></datafield><datafield ind1=" " ind2=" " tag="260"><subfield code="6">880-04</subfield><subfield code="a">[Place of publication not identified] :</subfield><subfield code="b">Mus&#803;t&#803;afa&#769; Afandi&#772; Fahmi&#772; wa-Shari&#772;ki&#772;hi,</subfield><subfield code="c">1320 [1902]</subfield></datafield><datafield ind1=" " ind2=" " tag="300"><subfield code="a">online resource (2 volumes in 1)</subfield></datafield><datafield ind1=" " ind2=" " tag="336"><subfield code="a">text</subfield><subfield code="2">rdacontent</subfield></datafield><datafield ind1=" " ind2=" " tag="337"><subfield code="a">computer</subfield><subfield code="2">rdamedia</subfield></datafield><datafield ind1=" " ind2=" " tag="338"><subfield code="a">online resource</subfield><subfield code="2">rdacarrier</subfield></datafield><datafield ind1=" " ind2=" " tag="500"><subfield code="a">Part of the Arabic Collections Online (ACO) project, contributed by Columbia University Libraries.</subfield></datafield><datafield ind1=" " ind2=" " tag="533"><subfield code="a">Electronic reproduction.</subfield><subfield code="b">New York, N.Y. :</subfield><subfield code="c">New York University,</subfield><subfield code="d">2015.</subfield><subfield code="5">NNU</subfield></datafield><datafield ind1=" " ind2="0" tag="650"><subfield code="a">Islamic law.</subfield></datafield><datafield ind1=" " ind2="7" tag="650"><subfield code="a">Islamic law.</subfield><subfield code="2">fast</subfield><subfield code="0">(OCoLC)fst00979949</subfield></datafield><datafield ind1="2" ind2=" " tag="710"><subfield code="a">Columbia University.</subfield><subfield code="b">Libraries.</subfield></datafield><datafield ind1="0" ind2=" " tag="730"><subfield code="a">Arabic Collections Online.</subfield></datafield><datafield ind1="0" ind2="8" tag="776"><subfield code="i">Print version:</subfield><subfield code="a">Ma&#772;lik ibn Anas, -795.</subfield><subfield code="t">Ha&#772;dha&#772; Muwat&#803;t&#803;a&#700; ima&#772;m al-a&#700;immah Ima&#772;m Da&#772;r al-Hijrah wa-al- &#699;a&#772;lim bi-al-sunnah al-Ima&#772;m Ma&#772;lik ibn Anas ibn Ma&#772;lik ibn Abi&#772; &#699;A&#772;mir</subfield><subfield code="w">(NNC)3270420</subfield><subfield code="w">(OCoLC)34659155</subfield></datafield><datafield ind1="4" ind2="0" tag="856"><subfield code="u">http://hdl.handle.net/2333.1/0rxwdf3c</subfield></datafield><datafield ind1="0" ind2=" " tag="880"><subfield code="6">100-01/r</subfield><subfield code="a">&#1605;&#1575;&#1604;&#1606; &#1576;&#1606; &#1575;&#1606;&#1587;&#1548;</subfield><subfield code="d">-795.</subfield></datafield><datafield ind1="1" ind2="0" tag="880"><subfield code="6">240-02/r</subfield><subfield code="a">&#1605;&#1608;&#1591;&#1571;</subfield></datafield><datafield ind1="1" ind2="0" tag="880"><subfield code="6">245-03/r</subfield><subfield code="a">&#1607;&#1575;&#1584;&#1575; &#1605;&#1608;&#1591;&#1571; &#1575;&#1605;&#1575;&#1605; &#1575;&#1604;&#1575;&#1574;&#1605;&#1577; &#1575;&#1605;&#1575;&#1605; &#1583;&#1575;&#1585; &#1575;&#1604;&#1607;&#1580;&#1585;&#1577; &#1608;&#1575;&#1604;&#1593;&#1575;&#1604;&#1605; &#1576;&#1575;&#1604;&#1587;&#1606;&#1577; &#1575;&#1604;&#1575;&#1605;&#1575;&#1605; &#1605;&#1575;&#1604;&#1603; &#1576;&#1606; &#1575;&#1606;&#1587; &#1576;&#1606; &#1605;&#1575;&#1604;&#1603; &#1576;&#1606; &#1575;&#1576;&#1610; &#1593;&#1575;&#1605;&#1585;.</subfield></datafield><datafield ind1=" " ind2=" " tag="880"><subfield code="6">260-04/r</subfield><subfield code="a">[Place of publication not identified] :</subfield><subfield code="b">&#1605;&#1589;&#1591;&#1601;&#1609; &#1575;&#1601;&#1606;&#1583;&#1610; &#1601;&#1607;&#1605;&#1610; &#1608;&#1588;&#1585;&#1610;&#1603;&#1610;&#1607;&#1548;</subfield><subfield code="c">1320 [1902]</subfield></datafield><datafield ind1=" " ind2=" " tag="959"><subfield code="a">NNU</subfield><subfield code="b">WEB</subfield><subfield code="c">GENI</subfield><subfield code="t">0</subfield><subfield code="m">Electronic access</subfield><subfield code="s">01</subfield></datafield><datafield ind1=" " ind2=" " tag="999"><subfield code="i">NNC_3270420</subfield><subfield code="o">(OCoLC)ocm34659155</subfield><subfield code="s">columbia_aco000415</subfield><subfield code="e">(ERROR-880)</subfield><subfield code="s">columbia_aco000415</subfield></datafield></record>